%%% ====================================================================
%%%  BibTeX-file{
%%%     author          = "Gerry Murray",
%%%     version         = "1.2",
%%%     date            = "2 April 2012",
%%%     filename        = "acmsmall-sample-bibfile.bib",
%%%     address         = "ACM, NY",
%%%     email           = "murray at hq.acm.org",
%%%     codetable       = "ISO/ASCII",
%%%     keywords        = "ACM Reference Format, bibliography, citation, references",
%%%     supported       = "yes",
%%%     docstring       = "This BibTeX database file contains 'bibdata' entries
%%%                        that 'match' the examples provided in the Specifications Document
%%%                        AND, also, 'legacy'-type bibs. It should assist authors in 
%%%                        choosing the 'correct' at-bibtype and necessary bib-fields
%%%                        so as to obtain the appropriate ACM Reference Format output. 
%%%			   It also contains many 'Standard Abbreviations'. "
%%%  }
%%% ====================================================================

% Journals
@article{cortes1995support,
	title={Support-Vector Networks},
	author={Cortes, Corinna and Vapnik, Vladimir},
	journal={Machine Learning},
	volume={20},
	number={3},
	pages={273--297},
	year={1995}}

@book{cristianini1999introduction,
	title="An introduction to support Vector Machines: and other kernel-based learning methods",
	author="Nello {Cristianini} and John {Shawe-Taylor}",
	year="1999"
}

@techreport{weston1998multi,

title={Multi-class support vector machines},

author={Weston, Jason and Watkins, Chris},

year={1998},

institution={Technical Report CSD-TR-98-04, Department of Computer Science, Royal Holloway, University of London, May}

}

@article{madzarov2009multi,

title={A multi-class SVM classifier utilizing binary decision tree},

author={Madzarov, Gjorgji and Gjorgjevikj, Dejan and Chorbev, Ivan},

journal={Informatica},

volume={33},

number={2},

year={2009}

}

@inproceedings{liu2005one,

title={One-against-all multi-class SVM classification using reliability measures},

author={Liu, Yi and Zheng, Yuan F},

booktitle={Neural Networks, 2005. IJCNN'05. Proceedings. 2005 IEEE International Joint Conference on},

volume={2},

pages={849--854},

year={2005},

organization={IEEE}

}


@article{knerr1990single,

title={Single-layer learning revisited: a stepwise procedure for building and training a neural network},

author={Knerr, Stefan and Personnaz, L{\'e}on and Dreyfus, G{\'e}rard},

journal={Neurocomputing: algorithms, architectures and applications},

volume={68},

number={41-50},

pages={71},

year={1990}

}


@article{scikit-learn,
	title={Scikit-learn: Machine Learning in {P}ython},
	author={Pedregosa, F. and Varoquaux, G. and Gramfort, A. and Michel, V.
	and Thirion, B. and Grisel, O. and Blondel, M. and Prettenhofer, P.
	and Weiss, R. and Dubourg, V. and Vanderplas, J. and Passos, A. and
	Cournapeau, D. and Brucher, M. and Perrot, M. and Duchesnay, E.},
	journal={Journal of Machine Learning Research},
	volume={12},
	pages={2825--2830},
	year={2011}
}

@article{breiman2001random,

title={Random forests},

author={Breiman, Leo},

journal={Machine learning},

volume={45},

number={1},

pages={5--32},

year={2001},

publisher={Springer}

}

@book{zhou2012ensemble,

title={Ensemble methods: foundations and algorithms},

author={Zhou, Zhi-Hua},

year={2012},

publisher={CRC press}

}

@article{safavian1991survey,

title={A survey of decision tree classifier methodology},

author={Safavian, S Rasoul and Landgrebe, David},

journal={IEEE transactions on systems, man, and cybernetics},

volume={21},

number={3},

pages={660--674},

year={1991},

publisher={IEEE}

}

@book{breiman1984classification,

title={Classification and regression trees},

author={Breiman, Leo and Friedman, Jerome and Stone, Charles J and Olshen, Richard A},

year={1984},

publisher={CRC press}

}

@article{zhou2017deep,

title={Deep forest: Towards an alternative to deep neural networks},

author={Zhou, Zhi-Hua and Feng, Ji},

journal={arXiv preprint arXiv:1702.08835},

year={2017}

}

@inproceedings{he2016deep,

title={Deep residual learning for image recognition},

author={He, Kaiming and Zhang, Xiangyu and Ren, Shaoqing and Sun, Jian},

booktitle={Proceedings of the IEEE conference on computer vision and pattern recognition},

pages={770--778},

year={2016}

}

@article{hochreiter1997long,

title={Long short-term memory},

author={Hochreiter, Sepp and Schmidhuber, J{\"u}rgen},

journal={Neural computation},

volume={9},

number={8},

pages={1735--1780},

year={1997},

publisher={MIT Press}

}

@misc{chollet2015keras,

title={Keras},

author={Chollet, Fran{\c{c}}ois and others},

year={2015}

}

@article{scikit-learn,
	title={Scikit-learn: Machine Learning in {P}ython},
	author={Pedregosa, F. and Varoquaux, G. and Gramfort, A. and Michel, V.
	and Thirion, B. and Grisel, O. and Blondel, M. and Prettenhofer, P.
	and Weiss, R. and Dubourg, V. and Vanderplas, J. and Passos, A. and
	Cournapeau, D. and Brucher, M. and Perrot, M. and Duchesnay, E.},
	journal={Journal of Machine Learning Research},
	volume={12},
	pages={2825--2830},
	year={2011}
}