@article{kwon2017survey,
  title={A survey of deep learning-based network anomaly detection},
  author={Kwon, Donghwoon and Kim, Hyunjoo and Kim, Jinoh and Suh, Sang C and Kim, Ikkyun and Kim, Kuinam J},
  journal={Cluster Computing},
  pages={1--13},
  year={2017},
  publisher={Springer}
}

@inproceedings{alom2015intrusion,
  title={Intrusion detection using deep belief networks},
  author={Alom, Md Zahangir and Bontupalli, VenkataRamesh and Taha, Tarek M},
  booktitle={Aerospace and Electronics Conference (NAECON), 2015 National},
  pages={339--344},
  year={2015},
  organization={IEEE}
}

@article{tao2016big,
  title={A Big Network Traffic Data Fusion Approach Based on Fisher and Deep Auto-Encoder},
  author={Tao, Xiaoling and Kong, Deyan and Wei, Yi and Wang, Yong},
  journal={Information},
  volume={7},
  number={2},
  pages={20},
  year={2016},
  publisher={Multidisciplinary Digital Publishing Institute}
}

@article{lv2015traffic,
  title={Traffic flow prediction with big data: a deep learning approach},
  author={Lv, Yisheng and Duan, Yanjie and Kang, Wenwen and Li, Zhengxi and Wang, Fei-Yue},
  journal={IEEE Transactions on Intelligent Transportation Systems},
  volume={16},
  number={2},
  pages={865--873},
  year={2015},
  publisher={IEEE}
}

@article{hou2010malicious,
  title={Malicious web content detection by machine learning},
  author={Hou, Yung-Tsung and Chang, Yimeng and Chen, Tsuhan and Laih, Chi-Sung and Chen, Chia-Mei},
  journal={Expert Systems with Applications},
  volume={37},
  number={1},
  pages={55--60},
  year={2010},
  publisher={Elsevier}
}

@article{thottan2003anomaly,
  title={Anomaly detection in IP networks},
  author={Thottan, Marina and Ji, Chuanyi},
  journal={IEEE Transactions on signal processing},
  volume={51},
  number={8},
  pages={2191--2204},
  year={2003},
  publisher={IEEE}
}

@article{singh2014big,
  title={Big data analytics framework for peer-to-peer botnet detection using random forests},
  author={Singh, Kamaldeep and Guntuku, Sharath Chandra and Thakur, Abhishek and Hota, Chittaranjan},
  journal={Information Sciences},
  volume={278},
  pages={488--497},
  year={2014},
  publisher={Elsevier}
}

@inproceedings{beigi2014towards,
  title={Towards effective feature selection in machine learning-based botnet detection approaches},
  author={Beigi, Elaheh Biglar and Jazi, Hossein Hadian and Stakhanova, Natalia and Ghorbani, Ali A},
  booktitle={Communications and Network Security (CNS), 2014 IEEE Conference on},
  pages={247--255},
  year={2014},
  organization={IEEE}
}

@article{zhao2013botnet,
  title={Botnet detection based on traffic behavior analysis and flow intervals},
  author={Zhao, David and Traore, Issa and Sayed, Bassam and Lu, Wei and Saad, Sherif and Ghorbani, Ali and Garant, Dan},
  journal={Computers \& Security},
  volume={39},
  pages={2--16},
  year={2013},
  publisher={Elsevier}
}
