%% This BibTeX bibliography file was created using BibDesk.
%% http://bibdesk.sourceforge.net/

%% Created for jerry at 2018-01-14 18:53:38 +0800 


%% Saved with string encoding Unicode (UTF-8) 



@article{Dropout,
	Author = {N. Srivastava, G. Hinton, A. Krizhevsky, I. Sutskever, and R. Salakhutdinov},
	Date-Added = {2018-01-14 08:38:50 +0000},
	Date-Modified = {2018-01-14 09:02:30 +0000},
	Journal = {The Journal of Machine Learning Research},
	Pages = {1929--1958},
	Title = {Dropout: A simple way to prevent neural networks from overfitting},
	Volume = {15(1)},
	Year = {2014}}

@article{Deeplearning,
	Author = {Y. LeCun, Y. Bengio, and G. Hinton},
	Date-Added = {2018-01-14 08:36:51 +0000},
	Date-Modified = {2018-01-14 08:38:15 +0000},
	Journal = {nature},
	Pages = {436},
	Title = {Deep learning},
	Volume = {521(7553)},
	Year = {2015}}

@article{PCA,
	Author = {M. E. Wall, A. Rechtsteiner, and L. M. Rocha},
	Date-Added = {2018-01-14 08:34:14 +0000},
	Date-Modified = {2018-01-14 09:21:22 +0000},
	Journal = {In A prac- tical approach to microarray data analysis},
	Pages = {91--109},
	Title = {Singular value decomposition and principal component analysis},
	Year = {Springer, 2003}}
